
@book {PMID:29763097,
	Title = {Alzheimer Disease},
	Author = {Kumar, Anil and Sidhu, Jaskirat and Goyal, Amandeep and Tsao, Jack W.},
	Publisher = {StatPearls Publishing, Treasure Island (FL)},
	Year = {2023},
	URL = {http://europepmc.org/books/NBK499922},
}

@article{MIMICA2010409,
	title = {Current treatment options for people with Alzheimer's disease in Croatia},
	journal = {Chemico-Biological Interactions},
	volume = {187},
	number = {1},
	pages = {409-410},
	year = {2010},
	note = {10th International Meeting on Cholinesterases},
	issn = {0009-2797},
	doi = {https://doi.org/10.1016/j.cbi.2010.03.029},
	url = {https://www.sciencedirect.com/science/article/pii/S0009279710001924},
	author = {Ninoslav Mimica and Paola Presečki},
}

@article{
	doi:10.1212/WNL.0b013e3181c3f293,
	author = {C. A. Raji  and O. L. Lopez  and L. H. Kuller  and O. T. Carmichael  and J. T. Becker },
	title = {Age, Alzheimer disease, and brain structure},
	journal = {Neurology},
	volume = {73},
	number = {22},
	pages = {1899-1905},
	year = {2009},
	doi = {10.1212/WNL.0b013e3181c3f293},
	URL = {https://www.neurology.org/doi/abs/10.1212/WNL.0b013e3181c3f293},
}

@ARTICLE{10.3389/fnins.2015.00307,
	AUTHOR={Salvatore, Christian  and Cerasa, Antonio  and Battista, Petronilla  and Gilardi, Maria Carla  and Quattrone, Aldo  and Castiglioni, Isabella },
	TITLE={Magnetic resonance imaging biomarkers for the early diagnosis of Alzheimer's disease: a machine learning approach},
	JOURNAL={Frontiers in Neuroscience},
	VOLUME={9},
	YEAR={2015},
	URL={https://www.frontiersin.org/journals/neuroscience/articles/10.3389/fnins.2015.00307},
	DOI={10.3389/fnins.2015.00307},
	ISSN={1662-453X},
}

@ARTICLE{10.1007/s00500-020-05292-x,
	AUTHOR={Rohini, M., Surendran},
	TITLE={ D. Toward Alzheimer’s disease classification through machine learning},
	JOURNAL={Soft Comput},
	VOLUME={25},
	PAGES = {2589–2597},
	YEAR={2021},
	DOI={10.1007/s00500-020-05292-x},
}

@ARTICLE{Gore2003,
	AUTHOR={John C. Gore},
	TITLE={Principles and practice of functional MRI of the human brain},
	JOURNAL={J Clin Invest.},
	VOLUME={112(1)},
	PAGES = {4.9},
	YEAR={2003},
	DOI={10.1172/JCI19010},
}

@article{Gonuguntla2022,
	author = {Gonuguntla, Venkateswarlu and Yang, Ehwa and Guan, Yi and Koo, Bang-Bon and Kim, Jae-Hun},
	title = {Brain signatures based on structural MRI: Classification for MCI, PMCI, and AD},
	journal = {Human Brain Mapping},
	volume = {43},
	number = {9},
	pages = {2845-2860},
	year = {2022},
	doi = {https://doi.org/10.1002/hbm.25820},
	url = {https://onlinelibrary.wiley.com/doi/abs/10.1002/hbm.25820},
	eprint = {https://onlinelibrary.wiley.com/doi/pdf/10.1002/hbm.25820}
}

 @article{Promteangtrong2015,
 	author={Promteangtrong, Chetsadaporn and Kolber, Marcus and Ramchandra, Priya and Moghbel, Mateen and Houshmand, Sina and Schöll, Michael and Bai, Halbert and Werner, Thomas J. and Alavi, Abass and Buchpiguel, Carlos},  
 	title={Multimodality Imaging Approach in Alzheimer disease. Part I: Structural MRI, Functional MRI, Diffusion Tensor Imaging and Magnetization Transfer Imaging},  
 	volume={9}, 
 	year={2015},  
 	month={Oct},  
 	pages={318–329}, 
 	ISSN={1980-5764},  url={https://doi.org/10.1590/1980-57642015DN94000318},  DOI={10.1590/1980-57642015DN94000318},  
 	number={4},  
 	journal={Dementia and Neuropsychologia}   
}  

@article {Schaper573006,
	author = {Schaper, Charles D.},
	title = {Analytic Model of fMRI BOLD Signals for Separable Metrics of Neural and Metabolic Activity},
	elocation-id = {573006},
	year = {2019},
	doi = {10.1101/573006},,
	URL = {https://www.biorxiv.org/content/early/2019/03/09/573006},
	eprint = {https://www.biorxiv.org/content/early/2019/03/09/573006.full.pdf},
	journal = {bioRxiv}
}


